@misc{
    mirex,
    author       = {MIREX},
    title        = {International Society for Information Retrieval},
    year         = {2005},
    howpublished = {\url{http://www.music-ir.org/mirex/wiki/MIREX_HOME}}
}

@misc{
  epidemic,
  author       = {Epidemic},
  title        = {Epidemic Sound},
  year         = {2009},
  howpublished = {\url{https://www.epidemicsound.com/}}
}

@misc{
    shazam,
    author       = {Shazam},
    title        = {Shazam Entertainment Ltd},
    year         = {2002},
    howpublished = {\url{https://www.shazam.com/}}
}

@misc{
    gtzan,
    author       = {Tzanetakis, G.},
    title        = {MARSYAS},
    year         = {2018},
    howpublished = {http://marsyas.info/index.html}
}

@misc{
    ismir,
    author       = {ISMIR},
    title        = {International Society for Music Information Retrieval},
    year         = {2000},
    howpublished = {\url{http://www.ismir.net/}}
}


@misc{
    lsvrc,
    author       = {LSVRC},
    title        = {ImageNet. Large Scale Visual Recognition Challenge},
    year         = {2012},
    howpublished = {\url{http://image-net.org/challenges/LSVRC/2012/}}
}

@book{
  tufte,
  author    = {Edward Tufte},
  editor    = {},
  title     = {Visual explanations: Images and Quantities, Evidence and Narrative},
  publisher = {Graphic Press},
  year      = {1997},
  volume    = {},
  series    = {},
  address   = {Cheshire, Connecticut},
  edition   = {},
  month     = {},
  note      = {},
  key       = {}
}

@article{
    tandcook,
    Abstract = {},
    Author   = {Tzanetakis, G. and Cook, P.},
    Journal  = {IEEE Transactions on Speech and Audio Processing},
    Month    = {},
    Number   = {10},
    Numpages = {},
    Pages    = {283-302},
    Title    = {Musical genre classification of audio signals},
    Volume   = {2},
    Year     = {2002}
}

@article{
    homsi,
    Abstract = {},
    Author   = {Homsi, A. and Capobianco, R. and Dias, C.},
    Journal  = {Egyptian Informatics Journal},
    Month    = {},
    Number   = {13},
    Numpages = {},
    Pages    = {59-63},
    Title    = {Exploring different approaches for music genre classification},
    Volume   = {2},
    Url      = {https://doi.org/10.1016/j.eij.2012.03.001},
    Year     = {2012}
}

@article{
    venrooija,
    Abstract = {},
    Author   = {Venrooija, A. and Schmutz, V},
    Journal  = {Poetics},
    Month    = {},
    Number   = {},
    Numpages = {1-18},
    Pages    = {},
    Title    = {Categorical ambiguity in cultural fields: The effects of genre fuzziness in popular music},
    Volume   = {66},
    Url      = {https://doi.org/10.1016/j.poetic.2018.02.001},
    Year     = {2018}
}

@article{
    pascar,
    Abstract = {},
    Author   = {Parascandolo, G. and Huttunen, H. and Virtannen, T.},
    Journal  = {IEEE International Conference on Acoustics, Speech and Signal Processing (ICASSP)},
    Month    = {},
    Number   = {},
    Numpages = {},
    Pages    = {6440-6444},
    Title    = {Recurrent Neural Networks for Polyphonic Sound Event Detection in Real Life Recordings},
    Volume   = {},
    Url      = {},
    Year     = {2016}
}

@article{
    22,
    Abstract = {},
    Author   = {McKinney, F. and Breebaart, J.},
    Journal  = {ISMIR},
    Month    = {},
    Number   = {},
    Numpages = {},
    Pages    = {},
    Title    = {Features for Audio Music Classification},
    Volume   = {},
    Url      = {},
    Year     = {2003}
}


@inproceedings{
 44,
 author    = {Sturm, Bob L.},
 title     = {Two Systems for Automatic Music Genre Recognition: What Are They Really Recognizing?},
 booktitle = {Proceedings of the Second International ACM Workshop on Music Information Retrieval with User-centered and Multimodal Strategies},
 series    = {MIRUM '12},
 year      = {2012},
 isbn      = {978-1-4503-1591-3},
 location  = {Nara, Japan},
 pages     = {69--74},
 numpages  = {6},
 url       = {http://0-doi.acm.org.ditlib.dit.ie/10.1145/2390848.2390866},
 doi       = {10.1145/2390848.2390866},
 acmid     = {2390866},
 publisher = {ACM},
}

@article{
  45,
  Abstract = {},
  Author = {Yandre M. G. Costa and Luiz S. Oliveira and Alessandro L. Koerich and Fabien Gouyon},
  Journal = {18th International Conference on Systems, Signals and Image Processing},
  Month = {},
  Number = {},
  Numpages = {},
  Pages = {1 - 4},
  Title = {Music Genre Recognition using Spectrograms},
  Volume = {},
  Url = {},
  Year = {2011}
}


@article{
    zhou,
    Abstract = {},
    Author = {Zhouyu, F. and Goujun L. and Ting, K. M. and Zhang, D.},
    Journal = {IEEE Transactions on Multimedia},
    Month = {},
    Number = {13},
    Numpages = {303 - 319},
    Pages = {},
    Title = {A Survey of Audio-Based Music Classification and Annotation},
    Volume = {2},
    Url = {https://10.1109/TMM.2010.2098858},
    Year = {2010}
}

@article{
    markhandy,
    Abstract = {},
    Author = {Mark, F. and Handy, R},
    Journal = {Journal of Engineering Technology},
    Month = {},
    Number = {24},
    Numpages = {},
    Pages = {32 - 35},
    Title = {Spectograms: Turning Signals into Pictures},
    Volume = {1},
    Url = {},
    Year = {2007}
}

@article{
    limetal,
    Abstract = {},
    Author = {Lim Shim-Cheol and Lee Jong-Seol and Jang Sei-Jin and Lee Soek-Pil and Moo Young Kim},
    Journal = {IEEE Transactions on Consumer Electronics},
    Month = {},
    Number = {4},
    Numpages = {},
    Pages = {1262 - 1268},
    Title = {Music-genre classification system based on spectro-temporal features and feature selection},
    Volume = {58},
    Url = {https://10.1109/TCE.2012.6414994},
    Year = {2012}
}


@article{
    yandra,
    Abstract = {},
    Author = {Yandra, C. and Oliveira, L. and Koerich, A. and Gouyon, F.},
    Journal = {2013 20th International Conference on Systems, Signals and Image Processing (IWSSIP)},
    Month = {},
    Number = {},
    Numpages = {},
    Pages = {55 - 58},
    Title = {Music genre recognition based on visual features with dynamic ensemble of classifiers selection},
    Volume = {},
    Url = {},
    Year = {2013}
}

@article{
    granmarusu,
    Abstract = {},
    Author = {Granma, L. and Rusu, C.},
    Journal = {10th International Symposium on Image and Signal Processing and Analysis (ISPA)},
    Month = {},
    Number = {},
    Numpages = {},
    Pages = {225 - 230},
    Title = {Choosing an accurate number of mel frequency cepstral coefficients for audio classification purpose},
    Volume = {},
    Url = {https://10.1109/ISPA.2017.8073600},
    Year = {2017}
}

@article{
    rajana,
    Abstract = {},
    Author = {Rajanna, A. and Kamelya, A. and Shoukoufandeh, A. and Ptucha, R.},
    Journal = {2015 IEEE 14th International Conference on Machine Learning and Applications (ICMLA)},
    Month = {},
    Number = {},
    Numpages = {},
    Pages = {582 - 587},
    Title = {Deep Neural Networks: A Case Study for Music Genre Classification},
    Volume = {},
    Url = {https://10.1109/ICMLA.2015.160},
    Year = {2015}
}

@article{
    costaoliveira,
    Abstract = {},
    Author = {Costa, Y. and Oliveira, L. and Silla, C.},
    Journal = {Applied soft computing},
    Month = {},
    Number = {},
    Numpages = {},
    Pages = {},
    Title = {An evaluation of Convolutional Neural Networks for music classification using spectrograms},
    Volume = {52},
    Url = {https://doi.org/10.1016/j.asoc.2016.12.024},
    Year = {2017}
}

@article{
    costavalle,
    Abstract = {},
    Author = {Costa, C. and Valle, J. D. and Koerich, A. L.},
    Journal = {IEEE International Conference on Systems, Man and Cybernetics (IEEE Cat. No.04CH37583), The Hague},
    Month = {},
    Number = {},
    Numpages = {},
    Pages = {562 - 567},
    Title = {Automatic classification of audio data},
    Volume = {1},
    Url = {},
    Year = {2004}
}

@article{
    gardis,
    Abstract = {},
    Author = {Gwardys, G. and Grzywczak, D. M.},
    Journal = {International journal of electronics and communications},
    Month = {},
    Number = {4},
    Numpages = {},
    Pages = {59 - 66},
    Title = {Deep Image Features in music information retrieval},
    Volume = {60},
    Url = {http://ijet.pl/index.php/ijet/article/view/10.2478-eletel-2014-0042},
    Year = {2014}
}

@article{
    hamel,
    Abstract = {},
    Author = {Hamel, P. and Douglas, E.},
    Journal = {Proceedings of the 11th International Society for Music Information Retrieval conference},
    Month = {},
    Number = {},
    Numpages = {},
    Pages = {657 - 662},
    Title = {Learning features from music audio with deep belief networks},
    Volume = {},
    Url = {},
    Year = {2010}
}

@article{
    bergstra,
    Abstract = {},
    Author = {Bergstra, J. and },
    Journal = {Machine Learning},
    Month = {},
    Number = {2 - 3},
    Numpages = {},
    Pages = {473 - 484},
    Title = {Aggregate features and AdaBoost for music classification},
    Volume = {65},
    Url = {},
    Year = {2006}
}


@article{
    mallat,
    Abstract = {},
    Author = {Mallat, S},
    Journal = {Communications on Pure and Applied Mathematics},
    Month = {},
    Number = {10},
    Numpages = {},
    Pages = {1331 - 1398},
    Title = {Group invariant scattering},
    Volume = {65},
    Url = {},
    Year = {2012}
}


% MIREX SUBMISSIONS

@misc{
    gh_2007,
    author       = {Enric Guaus and Perfecto Herrera},
    title        = {A basic system for music genre classification},
    year         = {2007},
    howpublished = {\url{https://www.music-ir.org/mirex/wiki/2007:Audio_Genre_Classification_Results}}
}


@misc{
    tl_2007,
    author       = {T. Lidy and A. Rauber and A. Petrusa and Jos√© M. Iniesta},
    title        = {Combining audio and symbolic descriptors for music classification from audio},
    year         = {2007},
    howpublished = {\url{https://www.music-ir.org/mirex/wiki/2007:Audio_Genre_Classification_Results}}
}

@misc{
    me_2007,
    author       = {Michael I. Mandel and Daniel P. W. Ellis},
    title        = {LABROSA'S audio music similarity and classification submissions},
    year         = {2007},
    howpublished = {\url{https://www.music-ir.org/mirex/wiki/2007:Audio_Genre_Classification_Results}}
}

@misc{
    gt_2007,
    author       = {George Tzanetakis},
    title        = {MARSYAS submissions to MIREX 2007},
    year         = {2007},
    howpublished = {\url{https://www.music-ir.org/mirex/wiki/2007:Audio_Genre_Classification_Results}}
}

@misc{
    cl_2008,
    author       = {Chuan Cao and Ming Li},
    title        = {Thinkit audio genre classification system},
    year         = {2008},
    howpublished = {\url{https://www.music-ir.org/mirex/wiki/2008:MIREX2008_Results}}
}

@misc{
    gp_2008,
    author       = {Geoffroy Peeters},
    title        = {A generic training and classification system for MIREX 2008 classification Tasks: audio music, audio mood, audio genre and audio tag},
    year         = {2008},
    howpublished = {\url{https://www.music-ir.org/mirex/wiki/2008:MIREX2008_Results}}
}


@misc{
    gt_2008,
    author       = {George Tzanetakis},
    title        = {MARSYAS submissions to MIREX 2008},
    year         = {2008},
    howpublished = {\url{https://www.music-ir.org/mirex/wiki/2008:MIREX2008_Results}}
}

@misc{
    lrpp_2008,
    author       = {Thomas Lidy and Andreas Rauber and A. Pertusa and P.J. Peonce de Le√≥n and J.M. Iniesta},
    title        = {Audio music classification using a combination of spectral timbral rhythmic, temporal and symbolic features},
    year         = {2008},
    howpublished = {\url{https://www.music-ir.org/mirex/wiki/2008:MIREX2008_Results}}
}

@misc{
    me_2008,
    author       = {Michael I. Mandel and Daniel P. W. Ellis},
    title        = {LABROSA'S audio classification submissions},
    year         = {2008},
    howpublished = {\url{https://www.music-ir.org/mirex/wiki/2008:MIREX2008_Results}}
}

@misc{
    bp_2009,
    author       = {Juan Jos√© Burred and Geoffroy Peeters},
    title        = {An adaptative system for music classification and tagging (MIREX 2009 submissions)},
    year         = {2009},
    howpublished = {\url{https://www.music-ir.org/mirex/wiki/2009:Audio_Genre_Classification_(Mixed_Set)_Results}}
}

@misc{
    cl_2009,
    author       = {Chuan Cao and Ming Li},
    title        = {Thinkit submissions for MIREX 2009 audio music classification and similarity tasks},
    year         = {2009},
    howpublished = {\url{https://www.music-ir.org/mirex/wiki/2009:Audio_Genre_Classification_(Mixed_Set)_Results}}
}

@misc{
    glr_2009,
    author       = {Andrei Grecu and Thomas Lidy and Andreas Rauber},
    title        = {MIREX 2009 Enhancing audio classification with template features and postprocessing existing audio descriptors},
    year         = {2009},
    howpublished = {\url{https://www.music-ir.org/mirex/wiki/2009:Audio_Genre_Classification_(Mixed_Set)_Results}}
}

@misc{
    hnos_2009,
    author       = {Takashi Hasegawa and Takuya Nishimoto and Nobukata Ono and Shigeki Shagayama},
    title        = {Music Classification using Features based on Musical Knowledge},
    year         = {2009},
    howpublished = {\url{https://www.music-ir.org/mirex/wiki/2009:Audio_Genre_Classification_(Mixed_Set)_Results}}
}

@misc{
    hw_2009,
    author       = {Huaxin Wang},
    title        = {MIREX audio genre classification},
    year         = {2009},
    howpublished = {\url{https://www.music-ir.org/mirex/wiki/2009:Audio_Genre_Classification_(Mixed_Set)_Results}}
}

@misc{
    va_2009,
    title        = {A multifeature set multi-classifier ensemble approach for audio classfication},
    author       = {Thomas Lidy and Andrei Grecu and Andreas Rauber and A. Pertusa and Pedro J. Ponce de Le√≥n and J.M. Iniesta},
    year         = {2009},
    howpublished = {\url{https://www.music-ir.org/mirex/wiki/2009:Audio_Genre_Classification_(Mixed_Set)_Results}}
}

@misc{
    lzg_2009,
    author       = {Yi Liu and Tao Zheng and Yue Gao},
    title        = {MIREX audio genre classification},
    year         = {2009},
    howpublished = {\url{https://www.music-ir.org/mirex/wiki/2009:Audio_Genre_Classification_(Mixed_Set)_Results}}
}

@misc{
    rcj_2009,
    author       = {Jia-Min Ren and Zhi-Seng Chen and Jyh-Shing Roger Jang},
    title        = {Using sequential patterns as Short-term and Long-term features for adio genre classification},
    year         = {2009},
    howpublished = {\url{https://www.music-ir.org/mirex/wiki/2009:Audio_Genre_Classification_(Mixed_Set)_Results}}
}

@misc{
    rk_2009,
    author       = {Preeti Rao and Sujeet Kini},
    title        = {Musical Genre Classification},
    year         = {2009},
    howpublished = {\url{https://www.music-ir.org/mirex/wiki/2009:Audio_Genre_Classification_(Mixed_Set)_Results}}
}

@misc{
    ss_2009,
    author       = {Klaus Selehneyer and Marcus Schedl},
    title        = {Block level audio features for audio music classification},
    year         = {2009},
    howpublished = {\url{https://www.music-ir.org/mirex/wiki/2009:Audio_Genre_Classification_(Mixed_Set)_Results}}
}

@misc{
    ttos_2009,
    author       = {Emiru Tsunoo and George Tzanetakis and Nobutaka Ono and Sigheki Sagayama},
    title        = {Audio genre classification using rhythym and bass-line pattern information},
    year         = {2009},
    howpublished = {\url{https://www.music-ir.org/mirex/wiki/2009:Audio_Genre_Classification_(Mixed_Set)_Results}}
}

@misc{
    mtg_2009,
    author       = {Nicholas Wack and Enric Guaus and Cyril Laurier and Owen Meyers and Richard Marxer and Dimitry Bogdanov and Joan Serr√° and Perfecto Herrera},
    title        = {Music type groupers (MTG) generic music classification algorithms},
    year         = {2009},
    howpublished = {\url{https://www.music-ir.org/mirex/wiki/2009:Audio_Genre_Classification_(Mixed_Set)_Results}}
}

@misc{
    xlzzg_2009,
    author       = {Jieping Xu and Yi Liu and Tao Zeng and Chao Zeng and Yue Gao},
    title        = {Music mood classification based on voting},
    year         = {2009},
    howpublished = {\url{https://www.music-ir.org/mirex/wiki/2009:Audio_Genre_Classification_(Mixed_Set)_Results}}
}

@misc{
    xzz_2009,
    author       = {Jieping Xu and Yi Liu and Tao Zeng and Chao Zeng},
    title        = {Audio music classification using Support Vector Machine},
    year         = {2009},
    howpublished = {\url{https://www.music-ir.org/mirex/wiki/2009:Audio_Genre_Classification_(Mixed_Set)_Results}}
}

% MIREX 2012

@misc{
    dm3_2012,
    author       = {Franz de Le√≥n and Kirk Mart√≠nez},
    title        = {An efficient approach for genre classification},
    year         = {2012},
    howpublished = {\url{https://www.music-ir.org/nema_out/mirex2012/results/act/mixed_report/}}
}

@misc{
    dm4_2012,
    author       = {Franz de Le√≥n and Kirk Mart√≠nez},
    title        = {Using rhythym timbre and tempo models for music genre classification},
    year         = {2012},
    howpublished = {\url{https://www.music-ir.org/nema_out/mirex2012/results/act/mixed_report/}}
}

@misc{
    gt_2012,
    author       = {Jin-Min Ren and Jyh-Shing Roger Jang},
    title        = {MARSYAS submission for MIREX 2012},
    year         = {2012},
    howpublished = {\url{https://www.music-ir.org/nema_out/mirex2012/results/act/mixed_report/}}
}

@misc{
    lbljk_2012,
    author       = {Shin-cheon Lin and Karam Byum and Jong-Soel Lee and Sei-Jing Jan and Moo Young-Kim},
    title        = {Music genre/mood classification: MIREX 2012},
    year         = {2012},
    howpublished = {\url{https://www.music-ir.org/nema_out/mirex2012/results/act/mixed_report/}}
}

@misc{
    ph_2012,
    author       = {Philippe Hamel},
    title        = {Multi-timescale PMSCS for music audio classification},
    year         = {2012},
    howpublished = {\url{https://www.music-ir.org/nema_out/mirex2012/results/act/mixed_report/}}
}

@misc{
    pp_2012,
    author       = {Renato Panda and Rui Pedro Pav√≠a},
    title        = {MIREX 2012: mood classification tasks submission},
    year         = {2012},
    howpublished = {\url{https://www.music-ir.org/nema_out/mirex2012/results/act/mixed_report/}}
}

@misc{
    ssks_2012,
    author       = {Klauss Seryerlehner and Markus Schedl and Peter Knees and Reinhard Sonnleitner},
    title        = {Draft: A refined block-level feature set for classification, similarity and tag prediction},
    year         = {2012},
    howpublished = {\url{https://www.music-ir.org/nema_out/mirex2012/results/act/mixed_report/}}
}

@misc{
    wj_2012,
    author       = {Ming-Ju Wu and Jyh-Shing Roger Jang},
    title        = {MIREX submissions - Combining Acoustic and Multi-level Visual features for Music Genre classification},
    year         = {2012},
    howpublished = {\url{https://www.music-ir.org/nema_out/mirex2012/results/act/mixed_report/}}
}

@misc{
    ycp_2012,
    author       = {Deshun Yang and Xiaoou Chen and Liqun Peng},
    title        = {Submission to MIREX 2012 Audio music mood classification and audio pop music genre classification},
    year         = {2012},
    howpublished = {\url{https://www.music-ir.org/nema_out/mirex2012/results/act/mixed_report/}}
}

%  MIREX 2013

@misc{
    bbljk1_2013,
    author       = {Karam Byum and Seung-Ryoel Back and Jong-Soel Lee and Sei-Jin Jang and Moo-You Kim},
    title        = {Music genre/mood/composer classification: MIREX 2013 submissions},
    year         = {2013},
    howpublished = {\url{https://www.music-ir.org/nema_out/mirex2013/results/act/mixed_report/}}
}


@misc{
    bbljk_2013,
    author       = {Karam Byum and Seung-Ryoel Back and Jong-Soel Lee and Sei-Jin Jang and Moo-You Kim},
    title        = {Music genre/mood/composer classification: MIREX 2013 submissions},
    year         = {2013},
    howpublished = {\url{https://www.music-ir.org/nema_out/mirex2013/results/act/mixed_report/}}
}

@misc{
    dm_2013,
    author       = {Franz de Leon and Kirk Mart√≠nez},
    title        = {Using timbre models for audio classification},
    year         = {2013},
    howpublished = {\url{https://www.music-ir.org/nema_out/mirex2013/results/act/mixed_report/}}
}

@misc{
    jj_2013,
    author       = {Ming-Ju Wu},
    title        = {MIREX 2013 submissions for train/test tasks},
    year         = {2013},
    howpublished = {\url{https://www.music-ir.org/nema_out/mirex2013/results/act/mixed_report/}}
}


% MIREX 2014

@misc{
    bk_2014,
    author       = {Seoung-Ryoel Back and Moo Young Kim},
    title        = {Music genre/mood/composer classification: MIREX 2014 submissions},
    year         = {2014},
    howpublished = {\url{https://www.music-ir.org/nema_out/mirex2014/results/act/mixed_report/}}
}

@misc{
    qk_2014,
    author       = {QuiuQuiang Kong and Xiaohui Feng},
    title        = {Music genre/mood/composer classification: MIREX 2014 submissions},
    year         = {2014},
    howpublished = {\url{https://www.music-ir.org/nema_out/mirex2014/results/act/mixed_report/}}
}

@misc{
    ss_2014,
    author       = {QuiuQuiang Kong and Xiaohui Feng},
    title        = {MIREX 2014: Optimizing the fluctuation pattern extraction process},
    year         = {2014},
    howpublished = {\url{https://www.music-ir.org/nema_out/mirex2014/results/act/mixed_report/}}
}

@misc{
    ssks_2014,
    author       = {Klauss Seyerlehner and Markus Schedl},
    title        = {MIREX 2014: Optimizing the fluctuation pattern extraction process},
    year         = {2014},
    howpublished = {\url{https://www.music-ir.org/nema_out/mirex2014/results/act/mixed_report/}}
}

@misc{
    wj_2014,
    author       = {Ming-Ju Wu and Jyh-Sing Roger Jang},
    title        = {Confidence-based late fusion for music genre classification},
    year         = {2014},
    howpublished = {\url{https://www.music-ir.org/nema_out/mirex2014/results/act/mixed_report/}}
}

@misc{
    zl_2014,
    author       = {Xinquan Zou and Guang Li and Shumin Su},
    title        = {Combining spectral and rhythym features for music genre classification},
    year         = {2014},
    howpublished = {\url{https://www.music-ir.org/nema_out/mirex2014/results/act/mixed_report/}}
}


@misc{
    cyc_2015,
    author       = {Kang Cai and Deshun Yang and Xianoou Chen},
    title        = {Audio classifiction tasks: MIREX 2015 submissions},
    year         = {2015},
    howpublished = {\url{https://www.music-ir.org/nema_out/mirex2015/results/act/mixed_report/}}
}


@misc{
    tl_2015,
    author       = {Thomas Lidy},
    title        = {Spectral convolutional neural networks for music classification},
    year         = {2015},
    howpublished = {\url{https://www.music-ir.org/nema_out/mirex2015/results/act/mixed_report/}}
}

@misc{
    wfj_2015,
    author       = {Ming-Ju Wu and Zhe-Cheng Fan and Jyh-Shing George Jang},
    title        = {MIREX 2015 submission for audio classification tasks},
    year         = {2015},
    howpublished = {\url{https://www.music-ir.org/nema_out/mirex2015/results/act/mixed_report/}}
}

# MIREX 2016

@misc{
    fff_2016,
    author       = {Juliano Enrique Foleis and Tiago Fernandes Tabares},
    title        = {A spectral bandwise feature-based system for the MIREX 2016 train/test task},
    year         = {2016},
    howpublished = {\url{https://www.music-ir.org/nema_out/mirex2016/results/act/mixed_report/}}
}

@misc{
    ls_2016,
    author       = {Thomas Lidy and Alexander Schindler},
    title        = {Parallel convolutional networks for Music Genre and Mood Classification},
    year         = {2016},
    howpublished = {\url{https://www.music-ir.org/nema_out/mirex2016/results/act/mixed_report/}}
}

% MIREX 2017

@misc{
    lnpkk_2017,
    author       = {Jongpeel Lee and Jiyoung Park and Juhan Nam and Chanju Kim and Adrian Kim and Jangyeon Park and Jung-Woo Ha },
    title        = {Cross-cultural transfer learning using sample level deep convolutional networks},
    year         = {2017},
    howpublished = {\url{https://www.music-ir.org/nema_out/mirex2017/results/act/mixed_report/}}
}

@misc{
    plnph_2017,
    author       = {Jiyoung Park and Jongpil Lee and Jangeyon Park and Jung-Woo Ha},
    title        = {Representation learning using artist labels for audio classification tasks},
    year         = {2017},
    howpublished = {\url{https://www.music-ir.org/nema_out/mirex2017/results/act/mixed_report/}}
}


@misc{
    xlj_2017,
    author       = {Huanmin Xu and JiangChen Lv and Bijue Ja},
    title        = {Convolutional neural networks system for the MIREX 2017 audio classification (train/test) tasks},
    year         = {2017},
    howpublished = {\url{https://www.music-ir.org/nema_out/mirex2017/results/act/mixed_report/}}
}


@inproceedings{
  metaGTZAN,
  author    = {Sturm, Bob L.},
  title     = {An Analysis of the GTZAN Music Genre Dataset},
  booktitle = {Proceedings of the Second International ACM Workshop on Music Information Retrieval with User-centered and Multimodal Strategies},
  series    = {MIRUM '12},
  year      = {2012},
  isbn      = {978-1-4503-1591-3},
  location  = {Nara, Japan},
  pages     = {7--12},
  numpages  = {6},
  url       = {http://doi.acm.org/10.1145/2390848.2390851},
  doi       = {10.1145/2390848.2390851},
  acmid     = {2390851},
  publisher = {ACM},
  address   = {New York, NY, USA},
  keywords  = {exemplary music datasets, music genre recognition}
}

@inproceedings{
  discard56,
  author    = {C. Marques and I. R. Guiherme and R. Y. M. Nakamura and J. P. Papa},
  title     = {New trends in musical genre classification using optimum-path forest},
  booktitle = {},
  series    = {ISMIR, 2011},
  year      = {2011},
  isbn      = {},
  location  = {},
  pages     = {},
  numpages  = {},
  url       = {},
  doi       = {},
  acmid     = {},
  publisher = {},
  address   = {},
  keywords  = {}
}

@article{
  best61,
  Abstract = {},
  Author = {Yannis Panagakis and Constantine Kotropoulos and Gonzalo R. Arce},
  Journal = {17th European Signal Processing Conference},
  Month = {},
  Number = {},
  Numpages = {},
  Pages = {1 -- 5},
  Title = {Music genre classification via sparse representations of auditory temporal modulations},
  Volume = {},
  Url = {},
  Year = {2009}
}

@article{
  best7,
  Abstract = {},
  Author = {U. Bagci and E. Erzin},
  Journal = {IEEE Signal Proc. Letters},
  Month = {},
  Number = {8},
  Numpages = {},
  Pages = {521 - 524},
  Title = {Automatic classification of musical gneres using inter-genre similarity},
  Volume = {14},
  Url = {},
  Year = {2007}
}

@article{
  best16,
  Abstract = {},
  Author = {K. Chang and J.-S. R. Jang and C. S. Iliopoulos},
  Journal = {ISMIR},
  Month = {},
  Number = {},
  Numpages = {},
  Pages = {387 - 392},
  Title = {Music genre classification via compressive sampling},
  Volume = {},
  Url = {},
  Year = {2010}
}

@misc{
    latin,
    author       = {Carlos N. Silla},
    title        = {The latin music database},
    year         = {2018},
    howpublished = {\url{https://sites.google.com/site/carlossillajr/}}
}

@article{
  accuracy,
  Abstract = {},
  Author = {Sturm, Bob L},
  Journal = {Journal of Intelligent Information Systems},
  Month = {},
  Number = {},
  Numpages = {},
  Pages = {371 - 406},
  Title = {Classification accuracy is not enough},
  Volume = {41},
  Url = {https://doi.org/10.1007/s10844-013-0250-y},
  Doi = {https://doi.org/10.1007/s10844-013-0250-y},
  Year = {2013}
}

@misc{
  cookiecutter,
  author  = {Cookiecutter},
  title   = {Cookiecutter Data Science},
  year    = {2018},
  howpublished     = {\url{http://drivendata.github.io/cookiecutter-data-science/}},
  urldate = {2018}
}


@article{
  35,
  Abstract = {},
  Author = {Kingma Diederik and Jimmy Ba},
  Journal = {Proceedings of the 3rd International Conference on Learning Representations (ICLR)},
  Month = {},
  Number = {11},
  Numpages = {},
  Pages = {},
  Title = {Adam: A method for Stochastic Optimization},
  Volume = {3},
  Url = {},
  Year = {2014}
}

@inproceedings{
  librosa,
  title={librosa : Audio and Music Signal Analysis in Python},
  author={Brian McFee and Colin Raffel and Dawen Liang and Daniel Patrick Whittlesey Ellis and Matt McVicar and Eric Battenberg and Oriol Nieto},
  year={2015}
}

@article{
  37,
  Abstract = {},
  Author = {Downie J. Stephens},
  Journal = {Journal of Acoustical Science and Technology},
  Month = {},
  Number = {4},
  Numpages = {},
  Pages = {247 - 255},
  Title = {The Music Information Retrieval eXchange: a window into music information retrieval exchange},
  Volume = {29},
  Url = {},
  Year = {2007}
}


@article{
  36,
  Abstract = {},
  Author = {Ozge Karada and Sepril Aktag},
  Journal = {International Journal of Applied Mathematics and Statistics},
  Month = {},
  Number = {1},
  Numpages = {},
  Pages = {},
  Title = {Optimal sample size for the ANOVA designs},
  Volume = {25},
  Url = {},
  Year = {2012}
}

@article{
  42,
  Abstract = {},
  Author = {Franz Faul and Edgar Erdfelder and Alber-Georg Lang and Axel Buchner},
  Journal = {Behaviour research Methods},
  Month = {},
  Number = {2},
  Numpages = {},
  Pages = {175 - 191},
  Title = {G*Power 3: a flexible statistical power analysis program for the social, behaioural and biomedical sciences.},
  Volume = {39},
  Url = {},
  Year = {2007}
}

@inproceedings{
  cqt,
  title={Constant-q Transform Toolbox for Music Processing},
  author={Christian Sch{\"o}rkhuber},
  year={2010}
}

@article{
  tempo,
  Abstract = {},
  Author = {Peter Grosche and Meinar M√ºller and Frank Kurth},
  Journal = {ICASSP},
  Month = {},
  Number = {},
  Numpages = {},
  Pages = {5522 -- 5525},
  Title = {Cyclic tempogram - A mid-level tempo representation for music signals},
  Volume = {},
  Url = {},
  Year = {2010}
}

Meinard M√ºller and Sebastian Ewert Chroma Toolbox: MATLAB implementations for extracting variants of chroma-based audio features In Proceedings of the International Conference on Music Information Retrieval (ISMIR), 2011.

@article{
  chroma,
  Abstract = {},
  Author = {Meinar M√ºller and Sebastian Ewert},
  Journal = {Proceedings of the International Conference on Music Information Retrieval (ISMIR)},
  Month = {},
  Number = {},
  Numpages = {},
  Pages = {},
  Title = {Chroma Toolbox: MATLAB implementations for extracting variants of chroma-based audio features},
  Volume = {},
  Url = {},
  Year = {2011}
}

@article{
  48,
  Abstract = {},
  Author = {Michael R. Harwell and Elaine N. Rubinstein and William S. Hayes and Corley C. Olds},
  Journal = {Journal of Educational Statistics},
  Month = {},
  Number = {},
  Numpages = {},
  Pages = {315 - 339},
  Title = {Summarizing Montecarlo results in methodological research: the one and two-factor fixed effects ANOVA cases},
  Volume = {17},
  Url = {},
  Year = {1992}
}

@article{
  47,
  Abstract = {},
  Author = {Geen V. Glass. and Percy D. Peckman and James R. Sanders},
  Journal = {Review of Educational Research},
  Month = {},
  Number = {},
  Numpages = {},
  Pages = {237 - 288},
  Title = {Consequences of failure to meet assumptions underlying fixed effects analysis of variance and covariance.},
  Volume = {42},
  Url = {},
  Year = {1972}
}

@article{
  valero,
  Abstract = {},
  Author = {Xavier Valero and Fernando Alias},
  Journal = {IEEE Traansactions on Multimedia},
  Month = {},
  Number = {14},
  Numpages = {},
  Pages = {1684 - 1689},
  Title = {Gammatone Cepstral Coefficients: Biologically Inspired Features for NonSpeech Audio Classification},
  Volume = {},
  Url = {https://10.1109/TMM.2012.2199972},
  Year = {2012}
}
